@misc{GstriatumWebSite,
author = {Gstriatum},
title = {{Energ{\'{i}}as renovables [Mensaje en un blog]}},
url = {http://www.gstriatum.com/energiasolar/blog/}
}
@misc{EcuRedWebSite,
author = {EcuRed},
title = {{Biblioteca P{\'{u}}blica Municipal Sandino}},
url = {https://www.ecured.cu/Biblioteca{\_}P{\'{u}}blica{\_}Municipal{\_}Sandino}
}
@misc{OepmWebSite,
author = {Oepm},
title = {{Heli{\'{o}}stato con sensor de reflexi{\'{o}}n}},
url = {http://www.economiadelaenergia.com/2011/05/heliostato-con-sensor-de-reflexion/},
year = {2011}
}
@misc{LuciaRinconWebSite,
author = {Rinc{\'{o}}n, Luc{\'{i}}a},
title = {{Funcionamiento de la central solar}},
url = {https://sites.google.com/site/energiasolar3b/funcionamiento-de-la-central-solar},
year = {2013}
}
@misc{IgualadaWebSite,
author = {Igualada.institucio.org},
title = {n. d.},
url = {https://igualada.institucio.org/ca/.../centraterm.htm}
}
@misc{SoliclimaWebSite,
author = {Soliclima.},
title = {{Energ{\'{i}}a termoel{\'{e}}ctrica}},
url = {http://www.soliclima.com/termoelectrica.html}
}
@misc{ClaudioWebSite,
author = {Claudio.},
title = {{Centrales solares: generar energ{\'{i}}a el{\'{e}}ctrica con el Sol}},
url = {https://historiaybiografias.com/central{\_}solar/},
year = {2014}
}
@misc{JonathanWebSite,
author = {Rodr{\'{i}}guez, Jonathan Pr{\'{e}}stamo},
title = {{PS10: La megatorre sevillana de la energ{\'{i}}a solar (y c{\'{o}}mo funciona)}},
url = {http://www.teknoplof.com/tag/heliostato/},
year = {2014}
}
@misc{ValenticampderrosWebSite,
author = {A., Valenticampderros},
title = {{PS10 y PS20 [Mensaje en un blog]}},
url = {https://themorningstarg2.wordpress.com/tag/heliostatos/},
year = {2012}
}
@misc{PonsWebSite,
author = {Pons, C},
title = {{Gemasolar [Mensaje en un blog]}},
url = {https://themorningstarg2.wordpress.com/tag/heliostatos/},
year = {2012}
}
@misc{OpenCVWebSite,
author = {OpenCV.},
title = {{OpenCV}},
url = {http://opencv.org/},
year = {2018}
}
@misc{SALWebSite,
author = {SAL.},
title = {{Infraestructura}},
url = {http://www.hpca.ual.es/es/infraestructura.},
year = {2015}
}
@misc{IEEEXploreWebSite,
author = {Xplore, IEEE},
title = {{IEEE Xplore}},
url = {https://ieeexplore.ieee.org/Xplore/home.jsp},
year = {2018}
}
@misc{SourceForceWebSite,
author = {SourgeForce.net.},
title = {n. d.},
url = {https://sourceforge.net/projects/opencv/},
year = {2018}
}
@misc{UbaaWebSite,
author = {Ubaa.net},
title = {{OpenCV - Processing and Java Library}},
url = {http://ubaa.net/shared/processing/opencv/}
}
@misc{YahooWebSite,
author = {Yahoo.},
title = {{OpenCV en Espa{\~{n}}ol}},
url = {https://groups.yahoo.com/neo/groups/OpenCVenEspanol/info}
}
@misc{BartolomeWebSite,
author = {Marco, Bartolom{\'{e}} Sintes},
title = {{Historia de Python}},
url = {http://www.mclibre.org/consultar/python/otros/historia.html},
year = {2018}
}
@misc{Wikipedia1WebSite,
author = {Wikipedia.},
title = {{Python}},
url = {https://es.wikipedia.org/wiki/Python},
year = {2018}
}
@misc{BeJobWebSite,
author = {BeJob.},
title = {{7 razones para programar en Python}},
url = {https://www.bejob.com/7-razones-para-programar-en-python/},
year = {2016}
}
@misc{GoogleWebSite,
author = {Google.},
title = {{RE{\textless}C: Heliostat Project Overview}},
url = {https://www.google.org/pdfs/google{\_}heliostat{\_}project.pdf}
}
@misc{Wikipedia2WebSite,
author = {Wikipedia.},
title = {{Instalaci{\'{o}}n de energ{\'{i}}a solar Ivanpah}},
url = {https://en.wikipedia.org/wiki/Ivanpah{\_}Solar{\_}Power{\_}Facility},
year = {2018}
}
@misc{Wikipedia3WebSite,
author = {Wikipedia.},
title = {{File: "PS10 solar power tower.jpg"}},
url = {https://en.wikipedia.org/wiki/File:PS10{\_}solar{\_}power{\_}tower.jpg},
year = {2018}
}
@misc{PSA1WebSite,
author = {PSA.},
title = {{Instalaciones de la PSA}},
url = {http://www.psa.es/es/instalaciones/images/cesa.jpg}
}
@misc{PSA2WebSite,
author = {PSA.},
title = {{Instalaciones de la PSA}},
url = {http://www.psa.es/es/instalaciones/images/crs.jpg}
}
@misc{PSA3WebSite,
author = {PSA.},
title = {{La instalaci{\'{o}}n CESA-1 de 7MWt}},
url = {http://www.psa.es/es/instalaciones/receptor/cesa1.php}
}
@misc{PSA4WebSite,
author = {PSA.},
title = {{La instalaci{\'{o}}n SSPS-CRS de 2,5 MWt}},
url = {http://www.psa.es/es/instalaciones/receptor/crs.php}
}
