@misc{ GstriatumWebSite,
	author = "Gstriatum",
	title = "Energías renovables. [Mensaje en un blog].",
	year = "n. d.",
	url = "Recuperado el 10 de febrero de 2.018 de: http://www.gstriatum.com/energiasolar/blog/"
}

@misc{ EcuRedWebSite,
	author = "EcuRed",
	title = "Biblioteca Pública Municipal Sandino.",
	year = "n. d.",
	url = "Recuperado el 10 de febrero de 2.018 de: https://www.ecured.cu/Biblioteca\_P\%C3\%BAblica\_Municipal\_Sandino"
}

@misc{ OepmWebSite,
	author = "Oepm",
	title = "Helióstato con sensor de reflexión.",
	year = "2.011",
	url = "Recuperado el 11 de abril de 2.018 de: http://www.economiadelaenergia.com/2011/05/heliostato-con-sensor-de-reflexion/"
}

@misc{ LuciaRinconWebSite,
	author = "Lucía Rincón.",
	title = "Funcionamiento de la central solar.",
	year = "2.013",
	url = "Recuperado el 6 de mayo de 2.018 de: https://sites.google.com/site/energiasolar3b/funcionamiento-de-la-central-solar"
}

@misc{ IgualadaWebSite,
	author = "igualada.institucio.org",
	title = "n. d.",
	year = "n. d.",
	url = "Recuperado el 15 de junio de 2.018 de: https://igualada.institucio.org/ca/.../centraterm.htm"
}

@misc{ SoliclimaWebSite,
	author = "Soliclima.",
	title = "Energía termoeléctrica.",
	year = "n. d.",
	url = "Recuperado el 15 de junio de 2.018 de: http://www.soliclima.com/termoelectrica.html
"
}

@misc{ ClaudioWebSite,
	author = "Claudio.",
	title = "Centrales solares: generar energía eléctrica con el Sol.",
	year = "2.014",
	url = "Recuperado el 15 de junio de 2.018 de: https://historiaybiografias.com/central\_solar/"
}

@misc{ JonathanWebSite,
	author = "Jonathan Préstamo Rodríguez.",
	title = "PS10: La megatorre sevillana de la energía solar (y cómo funciona).",
	year = "2.014",
	url = "Recuperado el 16 de junio de 2.018 de: http://www.teknoplof.com/tag/heliostato/"
}

@misc{ ValenticampderrosWebSite,
	author = "Valenticampderros A.",
	title = "PS10 y PS20. [Mensaje en un blog].",
	year = "2.012",
	url = "Recuperado el 18 de junio de 2.018 de: https://themorningstarg2.wordpress.com/tag/heliostatos/
"
}

@misc{ PonsWebSite,
	author = "Pons, C.",
	title = "Gemasolar. [Mensaje en un blog].",
	year = "2.012",
	url = "Recuperado el 18 de junio de 2.018 de: https://themorningstarg2.wordpress.com/tag/heliostatos/"
}

@misc{ OpenCVWebSite,
	author = "OpenCV.",
	title = "OpenCV.",
	year = "2.018",
	url = "Recuperado el 20 de junio de 2.018 de: http://opencv.org/"
}

@misc{ SALWebSite,
	author = "SAL.",
	title = "Infraestructura.",
	year = "2.015",
	url = "Recuperado el 20 de junio de 2.018 de: http://www.hpca.ual.es/es/infraestructura."
}

@misc{ IEEEXploreWebSite,
	author = "IEEE Xplore.",
	title = "IEEE Xplore.",
	year = "2.018",
	url = "Recuperado el 20 de junio de 2.018 de: https://ieeexplore.ieee.org/Xplore/home.jsp"
}

@misc{ SourgeForceWebSite,
	author = "SourgeForce.net.",
	title = "n. d.",
	year = "2.018",
	url = "Recuperado el 17 de julio de 2.018 de: https://sourceforge.net/projects/opencv/"
}

@misc{ UbaaWebSite,
	author = "Ubaa.net",
	title = "OpenCV - Processing and Java Library.",
	year = "n. d.",
	url = "Recuperado el 17 de julio de 2.018 de: http://ubaa.net/shared/processing/opencv/"
}

@misc{ YahooWebSite,
	author = "Yahoo.",
	title = "OpenCV en Español.",
	year = "n. d.",
	url = "Recuperado el 17 de julio de 2.018 de: https://groups.yahoo.com/neo/groups/OpenCVenEspanol/info"
}

@misc{ BartolomeWebSite,
	author = "Bartolomé Sintes Marco.",
	title = "Historia de Python.",
	year = "2.018",
	url = "Recuperado el 17 de julio de 2.018 de: http://www.mclibre.org/consultar/python/otros/historia.html"
}

@misc{ Wikipedia1WebSite,
	author = "Wikipedia.",
	title = "Python.",
	year = "2.018",
	url = "Recuperado el 27 de septiembre de 2.018 de: https://es.wikipedia.org/wiki/Python"
}

@misc{ BeJobWebSite,
	author = "BeJob.",
	title = "7 razones para programar en Python.",
	year = "2.016",
	url = "Recuperado el 27 de septiembre de 2.018 de: https://www.bejob.com/7-razones-para-programar-en-python/"
}

@misc{ GoogleWebSite,
	author = "Google.",
	title = "RE<C: Heliostat Project Overview.",
	year = "n. d.",
	url = "Recuperado el 5 de octubre de 2.018 de: https://www.google.org/pdfs/google\_heliostat\_project.pdf"
}

@misc{ Wikipedia2WebSite,
	author = "Wikipedia.",
	title = "Instalación de energía solar Ivanpah.",
	year = "2.018",
	url = "Recuperado el 16 de octubre de 2.018 de: https://en.wikipedia.org/wiki/Ivanpah\_Solar\_Power\_Facility"
}

@misc{ Wikipedia3WebSite,
	author = "Wikipedia.",
	title = "File: PS10 solar power tower.jpg.",
	year = "2.018",
	url = "Recuperado el 27 de octubre de 2.018 de: https://en.wikipedia.org/wiki/File:PS10\_solar\_power\_tower.jpg"
}

@misc{ PSA1WebSite,
	author = "PSA.",
	title = "Instalaciones de la PSA.",
	year = "n. d.",
	url = "Recuperado el 27 de octubre de 2.018 de: http://www.psa.es/es/instalaciones/images/cesa.jpg"
}

@misc{ PSA2WebSite,
	author = "PSA.",
	title = "Instalaciones de la PSA.",
	year = "n. d.",
	url = "Recuperado el 27 de octubre de 2.018 de: http://www.psa.es/es/instalaciones/images/crs.jpg"
}

@misc{ PSA3WebSite,
	author = "PSA.",
	title = "La instalación CESA-1 de 7MWt.",
	year = "n. d.",
	url = "Recuperado el 27 de octubre de 2.018 de: http://www.psa.es/es/instalaciones/receptor/cesa1.php"
}

@misc{ PSA4WebSite,
	author = "PSA.",
	title = "La instalación SSPS-CRS de 2,5 MWt.",
	year = "n. d.",
	url = "Recuperado el 27 de octubre de 2.018 de: http://www.psa.es/es/instalaciones/receptor/crs.php"
}